@MANUAL{svgspec,
    title = "Scalable Vector Graphics (SVG) 1.1 Specification {[online]}",
    organization = "WWW Consorcium",
    url = "http://www.w3.org/TR/2003/REC-SVG11-20030114/",
    note = "[cit. 2011-07-07]",
    key = "svg"
}

@INBOOK{kobltypo,
	title = "Praktick{\' a} typografie",
	author = "Pavel Ko{\v c}i{\v c}ka and Filip Bla{\v z}ek",
	publisher = "Brno: Computer Press",
	year = "2004"
}

@BOOK{rybicka,
	title = "LaTeX pro za\v c\'ate\v cn\'\i{}ky",
	author = "Ji{\v r}{\' i} Rybi{\v c}ka",
	isbn = "80-7302-049-1",
	publisher = "Brno: Konvoj",
	edition = "3"
}

@MANUAL{iso690,
	organization = "\'U\v rad pro technickou normalizaci, metrologii a st\'atn\'\i{} zku\v sebnictv\'\i{}",
	title = "\v CSN ISO 690 Informace a dokumentace -- Pravidla pro bibliografick\'e odkazy a citace informa\v cn\'\i{}ch zdroj{\r u}",
	year = "2011"
}


@ARTICLE {sitova-karta-s-fpga-xilinx,
    title  = "Síťová karta s FPGA Xilinx pro 1 a 10GbE",
    journal = "V: Pandatron - elektrotechnický magazín {[online]}",
    howpublished = "[online]",
    month  = "červen",
    year   = "2013",
    note = "[cit. 2015-10-31]",
    url    = "http://pandatron.cz/?2939&sitova_karta_s_fpga_xilinx_pro_1_a_10gbe"
}

@misc{IoT-dictionary,
author = {{Oxford University Press}},
title = {{Lexico.com {[online]}}},
url = {https://www.lexico.com/en/definition/internet_of_things},
type = {web page},
note = {[Cited 6th November 2019]}
}

@misc{PoC-dictionary,
author = {{Oxford University Press}},
title = {{Lexico.com {[online]}}},
url = {https://www.lexico.com/en/definition/proof_of_concept},
type = {web page},
note = "[Cited 26th November 2019]"
}

@ARTICLE {AppleWatch5,
author = {Apple},
title = {Proactive Health Monitor - Always in sight. Always insightful. {[online]}},
url = {https://www.apple.com/apple-watch-series-5/health/},
type = {web page},
note = {[Cited 26th November 2019]}
}

@ARTICLE {ecg-screening,
author = {{Susan J. Curry, PhD}},
title = {Screening for Atrial Fibrillation With Electrocardiography {[online]}},
journal = {JAMA Cardiology}
url = {https://jamanetwork.com/journals/jama/fullarticle/2695678},
month = {June},
year = {2018},
type = {web page},
note = {[Cited 26th November 2019]}
}